<?xml version="1.0" encoding="UTF-8"?><collection xmlns="http://www.loc.gov/MARC21/slim"><record><leader>00606nam--2200181-i-4500</leader><controlfield tag="001">000004804</controlfield><controlfield tag="002">20161230</controlfield><controlfield tag="005">20161230201026</controlfield><controlfield tag="008">060222s1000------------r-----000-0-eng-d</controlfield><datafield ind1=" " ind2=" " tag="040"><subfield code="a">IFIN-HH</subfield></datafield><datafield ind1=" " ind2=" " tag="080"><subfield code="a">519.283</subfield></datafield><datafield ind1="1" ind2=" " tag="100"><subfield code="a">Cashwell, E.D</subfield></datafield><datafield ind1="1" ind2="0" tag="245"><subfield code="a">A practical manual on the monte carlo method for random walk problems</subfield><subfield code="b">International tracts in computer science snd technology and their applications volume i</subfield><subfield code="c">E.d. cashwell, c.j. everett</subfield></datafield><datafield ind1=" " ind2=" " tag="260"><subfield code="a">London</subfield><subfield code="b">Pergamon Press</subfield><subfield code="c">1959</subfield></datafield><datafield ind1=" " ind2=" " tag="300"><subfield code="a">153 P. + 64 FIG</subfield></datafield><datafield ind1="1" ind2=" " tag="700"><subfield code="a">Everett, C.J</subfield></datafield><datafield ind1=" " ind2=" " tag="852"><subfield code="a">14005</subfield><subfield code="c">519.283</subfield></datafield><datafield ind1=" " ind2=" " tag="CAT"><subfield code="a">Sys</subfield><subfield code="c">20130806</subfield><subfield code="h">121917</subfield></datafield></record></collection>